<?xml version="1.0" encoding="UTF-8"?><collection xmlns="http://www.loc.gov/MARC21/slim"><record><leader>00421nam--2200133-i-4500</leader><controlfield tag="001">000013313</controlfield><controlfield tag="002">20161230</controlfield><controlfield tag="005">20161230201030</controlfield><controlfield tag="008">060222s1000------------r-----000-0-eng-d</controlfield><datafield ind1=" " ind2=" " tag="080"><subfield code="a">621.039.665(043)</subfield></datafield><datafield ind1=" " ind2=" " tag="100"><subfield code="a">Bauer, Gottfried Heinrich</subfield></datafield><datafield ind1=" " ind2=" " tag="245"><subfield code="a">Analyse des durchbruchs im inhomogenen elektrischen feld mit hilfe der kurzzeits pektroskopie. dissertation</subfield></datafield><datafield ind1=" " ind2=" " tag="260"><subfield code="a">Stuttgart, Universitat, 1979 117 P</subfield></datafield><datafield ind1=" " ind2=" " tag="852"><subfield code="a">48349</subfield></datafield></record></collection>